<?xml version="1.0" encoding="UTF-8"?>
<record xmlns="http://www.loc.gov/MARC21/slim" xmlns:xsi="http://www.w3.org/2001/XMLSchema-instance" xsi:schemaLocation="http://www.loc.gov/MARC21/slim http://www.loc.gov/standards/marcxml/schema/MARC21slim.xsd">
<leader>00000cam a22        4500</leader>
<controlfield tag="001">001682942</controlfield>
<controlfield tag="003">NNU</controlfield>
<controlfield tag="005">20150319172340.0</controlfield>
<controlfield tag="008">830418s1969    iq afh   b    000 0bara</controlfield>
<datafield tag="010" ind1=" " ind2=" ">
<subfield code="a">   77255835</subfield>
</datafield>
<datafield tag="035" ind1=" " ind2=" ">
<subfield code="a">(OCoLC)9420145</subfield>
</datafield>
<datafield tag="040" ind1=" " ind2=" ">
<subfield code="a">DLC</subfield>
<subfield code="b">eng</subfield>
<subfield code="c">TKN</subfield>
<subfield code="d">TKN</subfield>
<subfield code="d">GZM</subfield>
<subfield code="d">CUY</subfield>
<subfield code="d">OCLCQ</subfield>
<subfield code="d">EUM</subfield>
<subfield code="d">OCLCA</subfield>
<subfield code="d">OCLCQ</subfield>
<subfield code="d">OCLCF</subfield>
<subfield code="d">NNU</subfield>
</datafield>
<datafield tag="050" ind1=" " ind2="4">
<subfield code="a">PK6451.F4</subfield>
<subfield code="b">M2836 1969</subfield>
</datafield>
<datafield tag="100" ind1="1" ind2=" ">
<subfield code="6">880-01</subfield>
<subfield code="a">Qaysī, Aḥmad Nājī,</subfield>
<subfield code="d">1919-</subfield>
</datafield>
<datafield tag="245" ind1="1" ind2="0">
<subfield code="6">880-02</subfield>
<subfield code="a">Aṭṭārnāmah :</subfield>
<subfield code="b">aw Kitāb Farīd al-Dīn al-Aṭṭār al-Naysābūrī wa Kitābuh "Mantiq al-Tayr" /</subfield>
<subfield code="c">[tālīf] Ahmad Nājī al-Qaysī.</subfield>
</datafield>
<datafield tag="246" ind1="3" ind2=" ">
<subfield code="6">880-03</subfield>
<subfield code="a">Kitāb Farīd al-Dīn al-ʻAṭṭār al-Nīsābūrī</subfield>
</datafield>
<datafield tag="250" ind1=" " ind2=" ">
<subfield code="6">880-04</subfield>
<subfield code="a">[al-Tabʻah 1.].</subfield>
</datafield>
<datafield tag="260" ind1=" " ind2=" ">
<subfield code="6">880-05</subfield>
<subfield code="a">Baghdād,</subfield>
<subfield code="b">Maktabat al-Muthannā</subfield>
<subfield code="c">[1969]</subfield>
</datafield>
<datafield tag="300" ind1=" " ind2=" ">
<subfield code="a">2 volumes in 1 (25,992 pages)</subfield>
<subfield code="b">illustrations, facsimiles, plates</subfield>
<subfield code="c">26 cm</subfield>
</datafield>
<datafield tag="336" ind1=" " ind2=" ">
<subfield code="a">text</subfield>
<subfield code="b">txt</subfield>
<subfield code="2">rdacontent</subfield>
</datafield>
<datafield tag="337" ind1=" " ind2=" ">
<subfield code="a">unmediated</subfield>
<subfield code="b">n</subfield>
<subfield code="2">rdamedia</subfield>
</datafield>
<datafield tag="338" ind1=" " ind2=" ">
<subfield code="a">volume</subfield>
<subfield code="b">nc</subfield>
<subfield code="2">rdacarrier</subfield>
</datafield>
<datafield tag="500" ind1=" " ind2=" ">
<subfield code="a">Added t.p.: Attar nameh, a study of [sic] Farid al-Dīn al-Attar al-Naysoburī and his book : Mantiq al-tair, by A.N. al-Qaisi.</subfield>
</datafield>
<datafield tag="500" ind1=" " ind2=" ">
<subfield code="a">Risalat al-Duktūrah - Jāmiʻat al-Qāhirah.</subfield>
</datafield>
<datafield tag="500" ind1=" " ind2=" ">
<subfield code="a">Includes abridged translation of Manṭiq al-Ṭayr.</subfield>
</datafield>
<datafield tag="504" ind1=" " ind2=" ">
<subfield code="a">Includes bibliographical references.</subfield>
</datafield>
<datafield tag="530" ind1=" " ind2=" ">
<subfield code="a">Also issued online.</subfield>
</datafield>
<datafield tag="600" ind1="1" ind2="0">
<subfield code="6">880-06</subfield>
<subfield code="a">ʻAṭṭār, Farīd al-Dīn,</subfield>
<subfield code="d">-approximately 1230.</subfield>
<subfield code="t">Manṭiq al-ṭayr.</subfield>
</datafield>
<datafield tag="630" ind1="0" ind2="7">
<subfield code="a">Manṭiq al-ṭayr (ʻAṭṭār, Farīd al-Dīn)</subfield>
<subfield code="2">fast</subfield>
<subfield code="0">(OCoLC)fst01366902</subfield>
</datafield>
<datafield tag="700" ind1="1" ind2=" ">
<subfield code="6">880-06</subfield>
<subfield code="a">ʻAṭṭār, Farīd al-Dīn,</subfield>
<subfield code="d">-approximately 1230.</subfield>
<subfield code="t">Manṭiq al-ṭayr.</subfield>
</datafield>
<datafield tag="776" ind1="0" ind2="8">
<subfield code="i">Online version:</subfield>
<subfield code="a">Qaysī, Aḥmad Nājī, 1919-</subfield>
<subfield code="t">Aṭṭārnāmah.</subfield>
<subfield code="b">[al-Tabʻah 1.].</subfield>
<subfield code="d">Baghdād, Maktabat al-Muthannā [1969]</subfield>
<subfield code="w">(OCoLC)586435237</subfield>
</datafield>
<datafield tag="880" ind1="1" ind2=" ">
<subfield code="6">100-01/</subfield>
<subfield code="a">قيسي، أحمد ناجي،</subfield>
<subfield code="d">1919-</subfield>
</datafield>
<datafield tag="880" ind1="1" ind2="0">
<subfield code="6">245-02/</subfield>
<subfield code="a">عطارنامه :</subfield>
<subfield code="b">أو كتاب فريد الدين العطار النيسابوري وكتابه "منطق الطير" /</subfield>
<subfield code="c">[تأليف] أحمد ناجي القيسي.</subfield>
</datafield>
<datafield tag="880" ind1="3" ind2=" ">
<subfield code="6">246-03/</subfield>
<subfield code="a">كتاب فريد الدين العطار النيسابوري</subfield>
</datafield>
<datafield tag="880" ind1=" " ind2=" ">
<subfield code="6">250-04/</subfield>
<subfield code="a">[الطبعة 1.].</subfield>
</datafield>
<datafield tag="880" ind1=" " ind2=" ">
<subfield code="6">260-05/</subfield>
<subfield code="a">بغداد،</subfield>
<subfield code="b">مكتبة المثنى،</subfield>
<subfield code="c">[1969]</subfield>
</datafield>
<datafield tag="880" ind1="1" ind2="0">
<subfield code="6">600-06/</subfield>
<subfield code="a">عطار، فريد الدين،</subfield>
<subfield code="d">-approximately 1230.</subfield>
<subfield code="t">منطق الطير.</subfield>
</datafield>
<datafield tag="880" ind1="1" ind2=" ">
<subfield code="6">700-06/</subfield>
<subfield code="a">عطار، فريد الدين.</subfield>
<subfield code="t">منطق الطير.</subfield>
</datafield>
<datafield tag="OWN" ind1=" " ind2=" ">
<subfield code="a">GENERAL</subfield>
</datafield>
<datafield tag="AVA" ind1=" " ind2=" ">
<subfield code="a">NYU50</subfield>
<subfield code="b">BOBST</subfield>
<subfield code="c">Main Collection</subfield>
<subfield code="d">PK6451.F4 M337</subfield>
<subfield code="e">unavailable</subfield>
<subfield code="t">Unavailable</subfield>
<subfield code="f">1</subfield>
<subfield code="g">1</subfield>
<subfield code="h">N</subfield>
<subfield code="i">0</subfield>
<subfield code="j">MAIN</subfield>
<subfield code="k">0</subfield>
</datafield>
</record>
